%YAML 1.1
%TAG !u! tag:unity3d.com,2011:
--- !u!1 &173354
GameObject:
  m_ObjectHideFlags: 0
  m_PrefabParentObject: {fileID: 0}
  m_PrefabInternal: {fileID: 100100000}
  serializedVersion: 4
  m_Component:
  - 4: {fileID: 468592}
  - 205: {fileID: 20503150}
  m_Layer: 0
  m_Name: Road-Single_L-SidewalksB
  m_TagString: Untagged
  m_Icon: {fileID: 0}
  m_NavMeshLayer: 0
  m_StaticEditorFlags: 4294967295
  m_IsActive: 1
--- !u!1 &184050
GameObject:
  m_ObjectHideFlags: 0
  m_PrefabParentObject: {fileID: 0}
  m_PrefabInternal: {fileID: 100100000}
  serializedVersion: 4
  m_Component:
  - 4: {fileID: 455134}
  - 33: {fileID: 3386076}
  - 23: {fileID: 2394776}
  - 64: {fileID: 6465018}
  m_Layer: 0
  m_Name: Road-Single_L-SidewalksB
  m_TagString: Untagged
  m_Icon: {fileID: 0}
  m_NavMeshLayer: 0
  m_StaticEditorFlags: 4294967295
  m_IsActive: 1
--- !u!4 &455134
Transform:
  m_ObjectHideFlags: 1
  m_PrefabParentObject: {fileID: 0}
  m_PrefabInternal: {fileID: 100100000}
  m_GameObject: {fileID: 184050}
  m_LocalRotation: {x: 0, y: 0, z: 0, w: 1}
  m_LocalPosition: {x: 0, y: -0, z: 0}
  m_LocalScale: {x: 1, y: 1, z: 1}
  m_Children: []
  m_Father: {fileID: 468592}
  m_RootOrder: 0
--- !u!4 &468592
Transform:
  m_ObjectHideFlags: 1
  m_PrefabParentObject: {fileID: 0}
  m_PrefabInternal: {fileID: 100100000}
  m_GameObject: {fileID: 173354}
  m_LocalRotation: {x: .5, y: -.5, z: -.5, w: -.5}
  m_LocalPosition: {x: 1158.76001, y: 0, z: 1117.16003}
  m_LocalScale: {x: 1, y: 1, z: 1}
  m_Children:
  - {fileID: 455134}
  m_Father: {fileID: 0}
  m_RootOrder: 0
--- !u!23 &2394776
MeshRenderer:
  m_ObjectHideFlags: 1
  m_PrefabParentObject: {fileID: 0}
  m_PrefabInternal: {fileID: 100100000}
  m_GameObject: {fileID: 184050}
  m_Enabled: 1
  m_CastShadows: 1
  m_ReceiveShadows: 1
  m_Materials:
  - {fileID: 2100000, guid: 3c74acc51ede25d45baa57fbbe1ce351, type: 2}
  - {fileID: 2100000, guid: 053179acd181b5543820103b14a5dfb7, type: 2}
  - {fileID: 2100000, guid: 768193bb72b9f684eac3507776d63c79, type: 2}
  m_SubsetIndices: 
  m_StaticBatchRoot: {fileID: 0}
  m_UseLightProbes: 1
  m_ReflectionProbeUsage: 1
  m_ProbeAnchor: {fileID: 0}
  m_ScaleInLightmap: 1
  m_PreserveUVs: 0
  m_ImportantGI: 0
  m_AutoUVMaxDistance: .5
  m_AutoUVMaxAngle: 89
  m_LightmapParameters: {fileID: 0}
  m_SortingLayerID: 0
  m_SortingOrder: 0
--- !u!33 &3386076
MeshFilter:
  m_ObjectHideFlags: 1
  m_PrefabParentObject: {fileID: 0}
  m_PrefabInternal: {fileID: 100100000}
  m_GameObject: {fileID: 184050}
  m_Mesh: {fileID: 4300000, guid: aeca8573a1e18a54c89c5912b36c0cce, type: 3}
--- !u!64 &6465018
MeshCollider:
  m_ObjectHideFlags: 1
  m_PrefabParentObject: {fileID: 0}
  m_PrefabInternal: {fileID: 100100000}
  m_GameObject: {fileID: 184050}
  m_Material: {fileID: 0}
  m_IsTrigger: 0
  m_Enabled: 1
  serializedVersion: 2
  m_Convex: 0
  m_Mesh: {fileID: 4300000, guid: aeca8573a1e18a54c89c5912b36c0cce, type: 3}
--- !u!205 &20503150
LODGroup:
  m_ObjectHideFlags: 1
  m_PrefabParentObject: {fileID: 0}
  m_PrefabInternal: {fileID: 100100000}
  m_GameObject: {fileID: 173354}
  serializedVersion: 2
  m_LocalReferencePoint: {x: 3.5000124, y: 10.499999, z: .12499848}
  m_Size: 21.0000095
  m_FadeMode: 0
  m_AnimateCrossFading: 0
  m_LODs:
  - screenRelativeHeight: .0962055773
    fadeTransitionWidth: 0
    renderers:
    - renderer: {fileID: 2394776}
  m_Enabled: 1
--- !u!1001 &100100000
Prefab:
  m_ObjectHideFlags: 1
  serializedVersion: 2
  m_Modification:
    m_TransformParent: {fileID: 0}
    m_Modifications: []
    m_RemovedComponents: []
  m_ParentPrefab: {fileID: 0}
  m_RootGameObject: {fileID: 173354}
  m_IsPrefabParent: 1
